<?xml version="1.0" encoding="UTF-8"?><collection xmlns="http://www.loc.gov/MARC21/slim"><record><leader>00413nam--2200133-i-4500</leader><controlfield tag="001">000011313</controlfield><controlfield tag="002">20161230</controlfield><controlfield tag="005">20161230201029</controlfield><controlfield tag="008">060222s1000------------r-----000-0-eng-d</controlfield><datafield ind1=" " ind2=" " tag="080"><subfield code="a">621.385.633(043)</subfield></datafield><datafield ind1=" " ind2=" " tag="100"><subfield code="a">Bensahel, Daniel</subfield></datafield><datafield ind1=" " ind2=" " tag="245"><subfield code="a">Contribution a l etude du centre du cyclotron de grenoble.these</subfield></datafield><datafield ind1=" " ind2=" " tag="260"><subfield code="a">Grenoble, Universite Scientifique Et Medicale De Grenoble, 1973. 68 P. + 32 Fig</subfield></datafield><datafield ind1=" " ind2=" " tag="852"><subfield code="a">42150</subfield></datafield></record></collection>